@article{ref1,
title={Dealing with Multiple Requirements in Geometric Arrangements},
author={Gomez-Nieto, Erick and Casaca, Wallace and Motta, Danilo and Hartmann, Ivar and Taubin, Gabriel and Nonato, Luis Gustavo},
journal={IEEE transactions on visualization and computer graphics},
volume={22},
number={3},
pages={1223--1235},
year={2016},
publisher={IEEE}
}

@book{ref2,
title={Introduction to linear algebra},
author={Strang, Gilbert and Strang, Gilbert and Strang, Gilbert and Strang, Gilbert},
volume={3},
year={1993},
publisher={Wellesley-Cambridge Press Wellesley, MA}
}
